@misc{bruder2013regularization,
        author={Bruder, Benjamin and Gaussel, Nicolas and Richard, Jean-Charles and  Roncalli, Thierry},
        title={Regularization of Portfolio Allocation},
        publisher={Lyxor Asset Management},
        year={2013},
}

@article{markowitz1952portfolio,
        title={Portfolio selection},
        author={Markowitz, Harry},
        journal={The Journal of Finance},
        volume={7},
        number={1},
        pages={77--91},
        year={1952},
        publisher={Wiley Online Library}
}

@article{sharpe1964capital,
        title={Capital asset prices: A theory of market equilibrium under conditions of risk},
        author={Sharpe, William F},
        journal={The Journal of Finance},
        volume={19},
        number={3},
        pages={425--442},
        year={1964},
        publisher={Wiley Online Library}
}